<record><leader>00000cas a22000007a 4500</leader><controlfield tag="001">20024764</controlfield><controlfield tag="008">890718d181u1817gauir ne      0    0eng d</controlfield><datafield ind1=" " ind2=" " tag="010"><subfield code="a">sn 89053732 </subfield></datafield><datafield ind1=" " ind2=" " tag="040"><subfield code="a">NLG</subfield><subfield code="b">eng</subfield><subfield code="c">NLG</subfield><subfield code="d">DLC</subfield><subfield code="d">GUA</subfield><subfield code="d">OCLCQ</subfield><subfield code="d">OCLCF</subfield><subfield code="d">OCLCO</subfield></datafield><datafield ind1="1" ind2=" " tag="029"><subfield code="a">AU@</subfield><subfield code="b">000020534140</subfield></datafield><datafield ind1=" " ind2=" " tag="042"><subfield code="a">msc</subfield></datafield><datafield ind1=" " ind2=" " tag="043"><subfield code="a">n-us-ga</subfield></datafield><datafield ind1="0" ind2="0" tag="245"><subfield code="a">Columbian museum and Savannah commercial advertiser.</subfield></datafield><datafield ind1=" " ind2=" " tag="260"><subfield code="a">[Savannah, Ga.] :</subfield><subfield code="b">Edward Crow</subfield></datafield><datafield ind1=" " ind2=" " tag="300"><subfield code="a">v.</subfield></datafield><datafield ind1=" " ind2=" " tag="310"><subfield code="a">Triweekly</subfield></datafield><datafield ind1="1" ind2=" " tag="362"><subfield code="a">Ceased in Jan. 1817.</subfield></datafield><datafield ind1=" " ind2=" " tag="530"><subfield code="a">Also on microfilm: Athens, Ga. : University of Georgia Libraries.</subfield></datafield><datafield ind1=" " ind2=" " tag="580"><subfield code="a">Merged with: Savannah gazette, to form: Columbian museum and Savannah daily gazette.</subfield></datafield><datafield ind1=" " ind2=" " tag="588"><subfield code="a">Description based on: Vol. 22, no. 98 (Jan. 24, 1817) = Whole no. 32567.</subfield></datafield><datafield ind1=" " ind2="0" tag="651"><subfield code="a">Savannah (Ga.)</subfield><subfield code="v">Newspapers.</subfield></datafield><datafield ind1=" " ind2="0" tag="651"><subfield code="a">Chatham County (Ga.)</subfield><subfield code="v">Newspapers.</subfield></datafield><datafield ind1=" " ind2="7" tag="655"><subfield code="a">Newspapers.</subfield><subfield code="2">fast</subfield><subfield code="0">(OCoLC)fst01423814</subfield></datafield><datafield ind1=" " ind2="7" tag="651"><subfield code="a">Georgia</subfield><subfield code="z">Chatham County.</subfield><subfield code="2">fast</subfield><subfield code="0">(OCoLC)fst01207617</subfield></datafield><datafield ind1=" " ind2="7" tag="651"><subfield code="a">Georgia</subfield><subfield code="z">Savannah.</subfield><subfield code="2">fast</subfield><subfield code="0">(OCoLC)fst01207319</subfield></datafield><datafield ind1=" " ind2=" " tag="752"><subfield code="a">United States</subfield><subfield code="b">Georgia</subfield><subfield code="c">Chatham</subfield><subfield code="d">Savannah.</subfield></datafield><datafield ind1="0" ind2="0" tag="780"><subfield code="t">Columbian museum &amp; Savannah advertiser</subfield><subfield code="w">(DLC)sn 82014741</subfield><subfield code="w">(OCoLC)2259565</subfield></datafield><datafield ind1="1" ind2="7" tag="785"><subfield code="t">Savannah gazette</subfield><subfield code="w">(DLC)sn 82014070</subfield><subfield code="w">(OCoLC)8807624</subfield></datafield><datafield ind1="1" ind2="7" tag="785"><subfield code="t">Columbian museum and Savannah daily gazette</subfield><subfield code="w">(DLC)sn 82014740</subfield><subfield code="w">(OCoLC)8790123</subfield></datafield></record>